<collection xmlns="http://www.loc.gov/MARC21/slim">
<record>
  <leader>00517nam0a22001331i 450 </leader>
  <controlfield tag="001">IT\ICCU\CNCE\071366</controlfield>
  <controlfield tag="005">20070718000000.0</controlfield>
  <datafield tag="100" ind1=" " ind2=" ">
    <subfield code="a">20070717d1588        0itac0103    ba</subfield>
  </datafield>
  <datafield tag="101" ind1=" " ind2=" ">
    <subfield code="a">LAT</subfield>
  </datafield>
  <datafield tag="102" ind1=" " ind2=" ">
    <subfield code="a">FR</subfield>
  </datafield>
  <datafield tag="200" ind1="1" ind2=" ">
    <subfield code="a">Elucidatio in omnes psalmos, iuxta veritatem vvlgatae, et Ecclesiae visitatae Latinae editionis, quae &amp; ipsa integra ex aduerso correspondet. ... Per f. Franciscum Titelmanum Hassellensem, ... Sectio prima \-secunda!</subfield>
  </datafield>
  <datafield tag="210" ind1=" " ind2=" ">
    <subfield code="d">lione 1588</subfield>
  </datafield>
  <datafield tag="300" ind1=" " ind2=" ">
    <subfield code="a">ANNULLATA !!!!  ̈straniera</subfield>
  </datafield>
  <datafield tag="801" ind1=" " ind2="3">
    <subfield code="a">IT</subfield>
    <subfield code="b">ICCU</subfield>
    <subfield code="c">20201115</subfield>
  </datafield>
</record>
</collection>
